%% This BibTeX bibliography file was created using BibDesk.
%% http://bibdesk.sourceforge.net/

%% Created for Joffily Ferreira dos Santos at 2018-03-18 21:02:54 -0300 


%% Saved with string encoding Unicode (UTF-8) 

@article{HAN2012,
 author  ={Jiawei HAN AND Micheline KAMBER AND Jian PEI},
 title   ={Data Mining Concepts and Techniques},
 journal ={},
 section ={},
 address ={Rio de Janeiro},
 pages   ={},
 number  =12,
 volume  =3,
 pages   ={},
 issn    ={},
 url     ={},
 urlaccessdate={15 mar. 2018},
 year    =2012
}

@article{Witten2016,
 author  ={Ian WITTEN},
 title   ={Data Mining: Practical machine learning tools and techniques},
 journal ={Morgan Kaufman},
 section ={},
 address ={},
 pages   ={},
 number  =12,
 volume  =3,
 pages   ={},
 issn    ={},
 url     ={},
 urlaccessdate={15 mar. 2018},
 year    =2016
}

@article{KRATOCHWILL2015,
 author  ={Thomas R. KRATOCHWILL AND Joel R LEVIN},
 title   ={Single-Case Research Design and Analysis (Psychology Revivals): New Directions for Psychology and Education},
 journal ={Routledge},
 section ={},
 address ={},
 number  =12,
 url     ={},
 urlaccessdate={15 mar. 2018},
 year    =2015
}


@article{Holzinger2014,
 author  ={Andreas HOLZINGER AND Matthias DEHMER AND Igor JURISICA},
 title   ={Knowledge discovery and interactive data mining in bioinformatics-state-of-the-art, future challenges and research directions},
 journal ={BMC bioinformatics},
 section ={},
 address ={},
 pages   ={I1},
 number  =6,
 pages   ={},
 issn    ={},
 url     ={},
 urlaccessdate={15 mar. 2018},
 year    =2014
}


@article{Fayyad1996,
 author  ={Usama FAYYAD AND Gregory PIATETSKY SHAPIRO AND Padhraic SMYTH},
 title   ={From data mining to knowledge discovery in databases},
 journal ={AI magazine},
 section ={},
 address ={},
 pages   ={I1},
 number  =3,
 pages   ={37},
 issn    ={},
 url     ={},
 urlaccessdate={15 mar. 2018},
 year    =1996
}


@article{Silva2010,
 author  ={M. R. SILVA AND R G GOMES AND E SHIMODA AND A T SANTOS},
 title   ={Percepção dos discentes em relação aos  docentes  através  da  aplicação  de  técnicas  e métodos  de  mineração  de  dados},
 journal ={XXXVIIII Congresso  Brasileiro  de  Educação  em  Engenharia},
 section ={},
 address ={Fortaleza, CE},
 pages   ={},
 pages   ={},
 issn    ={},
 url     ={},
 urlaccessdate={15 mar. 2018},
 year    =2010
}

@article{Boente2008,
 author  ={Nazareno P BOENTE},
 title   ={Uma metodologia de suporte ao processo de descoberta de conhecimento em bases de dados},
 journal ={Anais do V Simpósio de Excelência em Gestão e Tecnologia-SEGeT},
 section ={},
 address ={},
 pages   ={},
 issn    ={},
 url     ={},
 urlaccessdate={15 mar. 2018},
 year    =2008
}

@article{Smedt2012,
 author  ={Tom De SMEDT AND Walter DAELEMANS},
 title   ={Pattern for python},
 journal ={Journal of Machine Learning Research},
 section ={},
 address ={},
 pages   ={2063-2067},
 issn    ={},
 url     ={},
 urlaccessdate={15 mar. 2018},
 year    =2012
}

@article{Hall2009,
 author  ={Mark HALL AND Eibe Frank AND Geoffrey Holmes AND Bernhard Pfahringer Peter Reutemann AND Ian H. Witten},
 title   ={The WEKA data mining software: an update},
 journal ={ACM SIGKDD explorations newsletter},
 section ={},
 address ={},
 pages   ={10-18},
 issn    ={},
 url     ={},
 urlaccessdate={15 mar. 2018},
 year    =2009
}

@article{Ng1994,
 author  ={Raymond T NG AND Jiawei HAN},
 title   ={E cient and E ective Clustering Methods for Spatial Data Mining},
 journal ={Proceedings of VLDB},
 section ={},
 address ={},
 pages   ={144-155},
 issn    ={},
 url     ={},
 urlaccessdate={15 mar. 2018},
 year    =1994
}

@article{Sinwar2014,
 author  ={Deepak SINWAR AND Rahul Kaushik},
 title   ={Study of Euclidean and Manhattan Distance Metrics using Simple K-Means Clustering},
 journal ={International Journal for Research in Applied Science and Engineering Technology (IJRASET)},
 number  =5,
 section ={},
 address ={},
 pages   ={270-274},
 issn    ={},
 url     ={},
 urlaccessdate={15 mar. 2018},
 year    =2014
}

@article{Chandola2009,
 author  ={Varun CHANDOLA AND Arindam BANERJEE AND Vipin KUMAR},
 title   ={Anomaly detection: A survey},
 journal ={A survey. ACM computing surveys (CSUR)},
 number  =3,
 section ={},
 address ={},
 pages   ={15},
 issn    ={},
 url     ={},
 urlaccessdate={15 mar. 2018},
 year    =2009
}

@article{Meyer2017,
 author  ={David MEYER AND Technikum FH WIEN},
 title   ={Support vector machines},
 journal ={R News},
 number  =3,
 pages   ={23-26},
 url     ={ftp://ftp.cse.yzu.edu.tw/CRAN/web/packages/e1071/vignettes/svmdoc.pdf},
 urlaccessdate={15 mar. 2018},
 year    =2017
}

@article{Mccallum1998,
 author  ={Andrew MCCALLUM AND Kamal Nigam},
 title   ={A Comparison of Event Models for Naive Bayes Text Classification},
 journal ={ AAAI-98 workshop on learning for text categorization},
 section ={},
 address ={},
 pages   ={41-48},
 issn    ={},
 url     ={http://staff.icar.cnr.it/manco/Teaching/2005/datamining/articoli/multinomial-aaaiws98.pdf},
 urlaccessdate={15 mar. 2018},
 year    =1998
}

@article{Schmid2013,
 author  ={Helmut SCHMID},
 title   ={Probabilistic part ofispeech tagging using decision trees},
 journal ={New methods in language processing},
 number  =3,
 section ={},
 address ={},
 pages   ={},
 urlaccessdate={15 mar. 2018},
 year    =2013
}

@article{Kohavi1995,
 author  ={Ron KOHAVI},
 title   ={A study of cross-validation and bootstrap for accuracy estimation and model selection},
 journal ={Ijcai},
 number  =3,
 section ={},
 address ={},
 pages   ={1137-1145},
 urlaccessdate={15 mar. 2018},
 year    =1995
}

@article{Frank2016,
 author  ={Eibe FRANK},
 title   ={The WEKA Workbench. Online Appendix for "Data Mining: Practical Machine Learning Tools and Techniques"},
 journal ={Morgan Kaufmann},
 number  =4,
 section ={},
 address ={},
 pages   ={},
 urlaccessdate={15 mar. 2018},
 year    =2016
}

@article{Team2018,
 author  ={R. Core. R TEAM},
 title   ={R: A language and environment for statistical computing},
 address={Vienna, Austria},
 journal ={R Foundation for Statistical Computing},
 section ={},
 year    =2018
}

@article{Powers2011,
 author  ={David Martin POWERS},
 title   ={Evaluation: from precision, recall and F-measure to ROC, informedness, markedness and correlation},
 section ={},
 year    =2011
}

@article{Buttcher2016,
 author  ={Stefan BÜTTCHER AND Charles LA CLARKE AND Gordon V CORMACK},
 title   ={Information retrieval: Implementing and evaluating search engines},
 section ={},
 year    =2016
}

@article{Deng2016,
 author  ={Xinyang DENG AND Qi Liu AND Yong Deng AND Sankaran Mahadevan},
 title   ={An improved method to construct basic probability assignment based on the confusion matrix for classification problem},
 section ={},
 year    =2016
}

@article{Powers2014,
 author  ={David MW POWERS},
 title   ={What the F-‐measure doesn’t measure…. Technical report},
 section ={},
 year    =2014
}

@article{Khoo2015,
 author  ={Jing Jing Khoo AND Duc Nghia Pham AND Tarique Aziz AND Ali Kohan AND Syahrul Nellis AND Juraina binti Abd. Jamil},
 title   ={An Efficient Method To Predict Dengue Outbreaks in Kuala Lumpur},
 year    =2015
}

@article{Funchal2016,
 author  ={João Paulo JDA SILVA FUNCHAL AND Diana Francisca ADANATTI},
 title   ={Um Estudo Sobre a Classificação de Risco na Área da Saúde Utilizando Árvores de Decisão},
 number=3,
 year    =2016
}

@article{Gutman2016,
  title={Skin lesion analysis toward melanoma detection: A challenge at the international symposium on biomedical imaging (ISBI) 2016, hosted by the international skin imaging collaboration (ISIC)},
  author={Gutman, David and Codella, Noel CF and Celebi, Emre and Helba, Brian and Marchetti, Michael and Mishra, Nabin and Halpern, Allan},
  journal={arXiv preprint arXiv:1605.01397},
  year={2016}
}

@article{laoprasopwattana2012differential,
  title={Differential diagnosis of Chikungunya, dengue viral infection and other acute febrile illnesses in children},
  author={Laoprasopwattana, Kamolwish and Kaewjungwad, Lamy and Jarumanokul, Roongrueng and Geater, Alan},
  journal={The Pediatric infectious disease journal},
  volume={31},
  number={5},
  pages={459--463},
  year={2012},
  publisher={LWW}
}

@article{lee2012simple,
  title={Simple clinical and laboratory predictors of Chikungunya versus dengue infections in adults},
  author={Lee, Vernon J and Chow, Angela and Zheng, Xiaohui and Carrasco, Luis R and Cook, Alex R and Lye, David C and Ng, Lee-Ching and Leo, Yee-Sin},
  journal={PLoS neglected tropical diseases},
  volume={6},
  number={9},
  pages={e1786},
  year={2012},
  publisher={Public Library of Science}
}

@article{verma2016evaluation,
  title={EVALUATION OF NS1 ANTIGEN-CAPTURE ELISA AND IgM ANTIBODY CAPTURE ELISA IN ACUTE CASES OF DENGUE IN RURAL POPULATION IN A TERTIARY CARE TEACHING HOSPITAL IN WESTERN UTTAR PRADESH INDIA},
  author={Verma, Rajesh Kumar and Singh, Dharmendra Prasad and Kumari, Sunita and Siddique, ME},
  journal={International Journal of Pharmaceutical Sciences and Research},
  volume={7},
  number={4},
  pages={1780},
  year={2016},
  publisher={International Journal of Pharmaceutical Sciences and Research}
}

@article{mata2014,
  title={Avalia{\c{c}}{\~a}o de dois testes r{\'a}pidos imunocromatogr{\'a}ficos em dengue 4},
  author={Mata, Ver{\'o}nica Elizabeth and Buonora, Sibelle Nogueira and Rodrigues, Diana and Viera, Cynthia Meirelles and Quintela, Fernanda Moises and de Andrade, Carlos Augusto Ferreira and Nogueira, Rita Maria and Passos, S{\^o}nia Regina Lambert},
  year=2014
}

@article{Cecilia2015,
  title={Development of a multiplex real-time RT-PCR assay for simultaneous detection of dengue and chikungunya viruses},
  author={Cecilia, D and Kakade, M and Alagarasu, K and Patil, J and Salunke, A and Parashar, D and Shah, PS},
  journal={Archives of virology},
  volume={160},
  number={1},
  pages={323--327},
  year={2015},
  publisher={Springer}
}

@article{Huang2013,
  title={Laboratory diagnostics of dengue fever: an emphasis on the role of commercial dengue virus nonstructural protein 1 antigen rapid test},
  author={Huang, Chung-Hao and Kuo, Li-Li and Yang, Kuender D and Lin, Po-Shan and Lu, Po-Liang and Lin, Chien-Chou and Chang, Ko and Chen, Tun-Chieh and Lin, Wei-Ru and Lin, Chun-Yu and others},
  journal={Journal of Microbiology, Immunology and Infection},
  volume={46},
  number={5},
  pages={358--365},
  year={2013},
  publisher={Elsevier}
}

@inproceedings{dong2014nonlinear,
  title={Nonlinear methodologies for identifying seismic event and nuclear explosion using random forest, support vector machine, and naive Bayes classification},
  author={Dong, Longjun and Li, Xibing and Xie, Gongnan},
  booktitle={Abstract and Applied Analysis},
  volume={2014},
  year={2014},
  organization={Hindawi}
}

@article{zhang2004optimality,
  title={The optimality of naive Bayes},
  author={Zhang, Harry},
  journal={AA},
  volume={1},
  number={2},
  pages={3},
  year={2004}
}

@article{steinberg2009cart,
  title={CART: classification and regression trees},
  author={Steinberg, Dan and Colla, Phillip},
  journal={The top ten algorithms in data mining},
  volume={9},
  pages={179},
  year={2009},
  publisher={CRC Press}
}

@article{rebentrost2014quantum,
  title={Quantum support vector machine for big data classification},
  author={Rebentrost, Patrick and Mohseni, Masoud and Lloyd, Seth},
  journal={Physical review letters},
  volume={113},
  number={13},
  pages={130503},
  year={2014},
  publisher={APS}
}

@article{qi2013robust,
  title={Robust twin support vector machine for pattern classification},
  author={Qi, Zhiquan and Tian, Yingjie and Shi, Yong},
  journal={Pattern Recognition},
  volume={46},
  number={1},
  pages={305--316},
  year={2013},
  publisher={Elsevier}
}

@article{cortes1995support,
  title={Support-vector networks},
  author={Cortes, Corinna and Vapnik, Vladimir},
  journal={Machine learning},
  volume={20},
  number={3},
  pages={273--297},
  year={1995},
  publisher={Springer}
}

@inproceedings{xiong2010classification,
  title={Classification with class overlapping: a systematic study},
  author={Xiong, Haitao and Wu, Junjie and Liu, Lu},
  booktitle={The 2010 International Conference on E-Business Intelligence},
  pages={491--497},
  year={2010}
}

@inproceedings{martin2009suitability,
  title={On the suitability of combining feature selection and resampling to manage data complexity},
  author={Mart{\'\i}n-F{\'e}lez, Ra{\'u}l and Mollineda, Ram{\'o}n A},
  booktitle={Conference of the Spanish Association for Artificial Intelligence},
  pages={141--150},
  year={2009},
  organization={Springer}
}

@article{hall1999correlation,
  title={Correlation-based feature selection for machine learning},
  author={Hall, Mark Andrew},
  year={1999},
  publisher={University of Waikato Hamilton}
}

@article{krishnamurthy2017active,
  title={Active Learning for Cost-Sensitive Classification},
  author={Krishnamurthy, Akshay and Agarwal, Alekh and Huang, Tzu-Kuo and Daume III, Hal and Langford, John},
  journal={arXiv preprint arXiv:1703.01014},
  year={2017}
}

% ---
% LIVROS
@book{AMARAL2016,
 author  ={Fernando AMARAL},
 title   ={Aprenda Mineração de Dados: Teoria e prática},
 organization={Revista Brasileira de Geografia},
 address ={},
 publisher={Alta Books Editora},
 isbn ={},
 issn ={},
 year ={2016}
}

@book{Aggarwal2015,
 author  ={Charu C. AGGARWAL},
 title   ={Data mining: the textbook},
 organization={Springer},
 address ={https://www.amazon.com/Data-Mining-Textbook-Charu-Aggarwal/dp/3319141414},
 publisher={Alta Books Editora},
 isbn ={3319141411},
 issn ={},
 year ={2015}
}

@book{chakrabarti2002mining,
  title={Mining the Web: Discovering knowledge from hypertext data},
  author={Chakrabarti, Soumen},
  year={2002},
  publisher={Elsevier}
}

@book{breiman2017classification,
  title={Classification and regression trees},
  author={Breiman, Leo},
  year={2017},
  publisher={Routledge}
}

%-- sites
@misc{IOC2018,
 title   ={INSTITUTO OSWALDO CRUZ (2018): Dengue vírus e vetor},
 url     ={http://www.ioc.fiocruz.br/dengue/textos/oportunista.html},
 organization={IOC},
 urlaccessdate={15 mar. 2018},
 year    =2018
}

@misc{CDCP2018,
 title   ={Centers for Disease Control and Prevention (2018): Arbovirus catalog},
 url     ={https://wwwn.cdc.gov/arbocat/},
 organization={CDCP},
 urlaccessdate={15 mar. 2018},
 year   =2018
}
